@misc{Jargon,
  title = {The Jargon File: The Story of Mel},
  howpublished = {\url{http://catb.org/jargon/html/story-of-mel.html}},
  note = {Posted: 1983-05-21 Accessed: 2019-02-20}
}

@inproceedings{Matsakis:2014,
 author = {Matsakis, Nicholas D. and Klock,II, Felix S.},
 title = {The Rust Language},
 booktitle = {Proceedings of the 2014 ACM SIGAda Annual Conference on High Integrity Language Technology},
 series = {HILT '14},
 year = {2014},
 isbn = {978-1-4503-3217-0},
 location = {Portland, Oregon, USA},
 pages = {103--104},
 numpages = {2},
 url = {\url{http://doi.acm.org/10.1145/2663171.2663188}},
 doi = {10.1145/2663171.2663188},
 acmid = {2663188},
 publisher = {ACM},
 address = {New York, NY, USA},
 keywords = {affine type systems, memory management, Rust, systems programming},
}

@article{bioinformatics,
    author = {Köster, Johannes},
    title = "{Rust-Bio: a fast and safe bioinformatics library}",
    journal = {Bioinformatics},
    volume = {32},
    number = {3},
    pages = {444-446},
    year = {2015},
    month = {10},
    issn = {1367-4803},
    doi = {10.1093/bioinformatics/btv573},
    url = {\url{https://dx.doi.org/10.1093/bioinformatics/btv573}},
    eprint = {\url{http://oup.prod.sis.lan/bioinformatics/article-pdf/32/3/444/19567799/btv573.pdf}},
}

@article{blanco-cuaresma_bolmont_2016,
title={What can the programming language Rust do for astrophysics?},
    volume={12},
    DOI={10.1017/S1743921316013168},
    number={S325},
    journal={Proceedings of the International Astronomical Union},
    publisher={Cambridge University Press},
    author={Blanco-Cuaresma, Sergi and Bolmont, Emeline},
    year={2016},
    pages={341–344}
}

@mastersthesis{Liang2017,
    author={Dongyu Liang},
    title={Extending ePython to support parallel Python interpreting acrosss multiple interconnected Epiphany processors},
    year={2017},
    school={EPCC}
}

@mastersthesis{Curry2016,
    author={Cameron Curry},
    title={Assessing the Performance of Optimised Primality Tests},
    year={2016},
    school={EPCC}
}

@article{Turner2015,
    author={Andy Turner},
    title={Parallel Software usage on UK National HPC Facilities 2009-2015: How well have applications kept up with increasingly parallel hardware?},
    year={2015},
    journal={EPCC}
}

@techreport{williams2009,
  title={Roofline: An insightful visual performance model for floating-point programs and multicore architectures},
  author={Williams, Samuel and Waterman, Andrew and Patterson, David},
  year={2009},
  institution={Lawrence Berkeley National Lab.(LBNL), Berkeley, CA (United States)}
}

@book{hennessy2011computer,
  title={Computer architecture: a quantitative approach},
  author={Hennessy, John L and Patterson, David A},
  year={2011},
  publisher={Elsevier}
}

@article{asanovic2009view,
  title={A view of the parallel computing landscape},
  author={Asanovic, Krste and Bodik, Rastislav and Demmel, James and Keaveny, Tony and Keutzer, Kurt and Kubiatowicz, John and Morgan, Nelson and Patterson, David and Sen, Koushik and Wawrzynek, John and others},
  journal={Communications of the ACM},
  volume={52},
  number={10},
  pages={56--67},
  year={2009},
  publisher={ACM}
}
