@misc {RustBook,
  author="Steve Klabnik and Carol Nichols",
  title="The Rust Programming Language",
  howpublished="https://doc.rust-lang.org/book/"
}

@misc {RustClippy,
  author="The Rust Project Developers",
  title="rust-clippy",
  howpublished="https://github.com/rust-lang/rust-clippy"
}

@misc {RustRayon,
  author="Stone, Josh and Matsakis, Niko",
  title="rayon",
  howpublished="https://github.com/rayon-rs/rayon"
}

@inproceedings{Mallinson:2014,
 author = {Mallinson, A. C. and Jarvis, S. A. and Gaudin, W. P. and Herdman, J. A.},
 title = {{E}xperiences at {S}cale with {PGAS} Versions of a {H}ydrodynamics {A}pplication},
 booktitle = {Proceedings of the 8th International Conference on Partitioned Global Address Space Programming Models},
 series = {PGAS '14},
 year = {2014},
 isbn = {978-1-4503-3247-7},
 location = {Eugene, OR, USA},
 pages = {9:1--9:11},
 articleno = {9},
 numpages = {11},
 url = {http://doi.acm.org/10.1145/2676870.2676873},
 doi = {10.1145/2676870.2676873},
 acmid = {2676873},
 publisher = {ACM},
 address = {New York, NY, USA},
 keywords = {Co-array Fortran, Exascale, HPC, Hydrodynamics, MPI, OpenSHMEM, PGAS},
}

@inproceedings{Slaughter:2015,
 author = {Slaughter, Elliott and Lee, Wonchan and Treichler, Sean and Bauer, Michael and Aiken, Alex},
 title = {Regent: A {H}igh-productivity {P}rogramming Language for {HPC} with {L}ogical {R}egions},
 booktitle = {Proceedings of the International Conference for High Performance Computing, Networking, Storage and Analysis},
 series = {SC '15},
 year = {2015},
 isbn = {978-1-4503-3723-6},
 location = {Austin, Texas},
 pages = {81:1--81:12},
 articleno = {81},
 numpages = {12},
 url = {http://doi.acm.org/10.1145/2807591.2807629},
 doi = {10.1145/2807591.2807629},
 acmid = {2807629},
 publisher = {ACM},
 address = {New York, NY, USA},
 keywords = {Regent, legion, logical regions, runtimes, task-based},
}

@inproceedings{martineau2017arch,
  title={The arch project: physics mini-apps for algorithmic exploration and evaluating programming environments on HPC architectures},
  author={Martineau, Matthew and McIntosh-Smith, Simon},
  booktitle={2017 IEEE International Conference on Cluster Computing (CLUSTER)},
  pages={850--857},
  year={2017},
  organization={IEEE}
}
